<?xml version="1.0" encoding="UTF-8"?><collection xmlns="http://www.loc.gov/MARC21/slim"><record><leader>00496nam--2200181-i-4500</leader><controlfield tag="001">000035514</controlfield><controlfield tag="002">20161230</controlfield><controlfield tag="005">20161230201040</controlfield><controlfield tag="008">060222s1000------------r-----000-0-rum-d</controlfield><datafield ind1=" " ind2=" " tag="040"><subfield code="a">IFIN-HH</subfield></datafield><datafield ind1=" " ind2=" " tag="041"><subfield code="a">rum</subfield></datafield><datafield ind1=" " ind2=" " tag="080"><subfield code="a">681.3(047.1)</subfield></datafield><datafield ind1="1" ind2=" " tag="100"><subfield code="a">Nastase, Adriana</subfield></datafield><datafield ind1="1" ind2="0" tag="245"><subfield code="a">Utilizarea calculatoarelor in optimizarea formelor aerodinamice</subfield><subfield code="c">Adriana nastase</subfield></datafield><datafield ind1=" " ind2=" " tag="260"><subfield code="a">Bucuresti, Ed.Acad. R.S.R., 1973</subfield></datafield><datafield ind1=" " ind2=" " tag="300"><subfield code="a">282P. + 7PL</subfield></datafield><datafield ind1=" " ind2=" " tag="852"><subfield code="a">40039</subfield><subfield code="c">533.6</subfield></datafield><datafield ind1=" " ind2=" " tag="CAT"><subfield code="a">Sys</subfield><subfield code="c">20100906</subfield><subfield code="h">152532</subfield></datafield></record></collection>